@misc{w3c-css,
	author = {W3C},
	title = {Index of CSS properties},
	howpublished = {\url{https://www.w3.org/Style/CSS/all-properties.en.html\#list}},
	year = {2022},
	note = {Accessed: 2022-01-04}
}

@misc{mdn-units,
	author = {MDN},
	title = {CSS units},
	howpublished = {\url{https://developer.mozilla.org/en-US/docs/Learn/CSS/Building_blocks/Values_and_units}},
	year = {2022},
	note = {Accessed: 2022-01-04}
}

