@misc{selfhtml,
	author = {SELFHTML},
	title = {SELFHTML Wiki},
	howpublished = {\url{https://selfhtml.org/}},
	year = {2022},
	note = {Accessed: 2022-01-04}
}

@misc{mdn,
	author = {MDN},
	title = {Mozilla Developer Network},
	howpublished = {\url{https://developer.mozilla.org/}},
	year = {2022},
	note = {Accessed: 2022-01-04}
}

@misc{w3c-elements,
	author = {W3C},
	title={Element Reference},
	url={https://www.w3.org/html/wiki/Elements},
	year = {2022},
	journal={Elements - HTML Wiki},
	note = {Accessed: 2022-01-04}
}
