@misc{mdn,
	author = {MDN},
	title = {Mozilla Developer Network},
	howpublished = {\url{https://developer.mozilla.org/}},
	year = {2022},
	note = {Accessed: 2022-01-14}
}

@misc{mdn-js,
	author = {MDN},
	title = {JavaScript Reference},
	howpublished = {\url{https://developer.mozilla.org/en-US/docs/Web/JavaScript/Reference}},
	year = {2022},
	note = {Accessed: 2022-01-14}
}

