
@book{archer1,
    author = {Jonathan Archer},
    title = {How to water foreign plants and apologize a lot},
    address = {NY},
    year = {2152},
    publisher = {Kreetassen Embassy},
}

@book{tilly1,
    author = {Sylvia Tilly},
    title = {Running at the DISCOteque},
    address = {Earth},
    year = {2256},
}

@misc{w3c-css,
	author = {W3C},
	title = {Index of CSS properties},
	howpublished = {\url{https://www.w3.org/Style/CSS/all-properties.en.html\#list}},
	year = {2022},
	note = {Accessed: 2022-01-04}
}
